<record><leader>00000cas a2200000 a 4500</leader><controlfield tag="001">610089711</controlfield><controlfield tag="008">100429d194u1955cauwr ne      0    0eng c</controlfield><datafield ind1=" " ind2=" " tag="010"><subfield code="a">sn2010271062</subfield></datafield><datafield ind1=" " ind2=" " tag="040"><subfield code="a">CNK</subfield><subfield code="b">eng</subfield><subfield code="c">CNK</subfield><subfield code="d">OCLCQ</subfield><subfield code="d">OCLCF</subfield><subfield code="d">OCLCO</subfield></datafield><datafield ind1=" " ind2=" " tag="042"><subfield code="a">pcc</subfield></datafield><datafield ind1=" " ind2=" " tag="043"><subfield code="a">n-us-ca</subfield></datafield><datafield ind1="0" ind2="0" tag="245"><subfield code="a">Saratoga observer.</subfield></datafield><datafield ind1=" " ind2=" " tag="260"><subfield code="a">Saratoga, Calif. :</subfield><subfield code="b">Patrick H. Peabody</subfield></datafield><datafield ind1=" " ind2=" " tag="300"><subfield code="a">v.</subfield></datafield><datafield ind1=" " ind2=" " tag="310"><subfield code="a">Weekly</subfield></datafield><datafield ind1="1" ind2=" " tag="362"><subfield code="a">Ceased in May 1955.</subfield></datafield><datafield ind1=" " ind2=" " tag="500"><subfield code="a">Serves "the communities of Saratoga, Cupertino, and Monte Vista."</subfield></datafield><datafield ind1=" " ind2=" " tag="530"><subfield code="a">Master negatives are available for duplication from:</subfield><subfield code="b">California Newspaper Microfilm Archive;</subfield><subfield code="c">positive copies may be purchased by the reel; for further information consult the CNMA at:</subfield><subfield code="u">http://cbsr.ucr.edu</subfield></datafield><datafield ind1=" " ind2=" " tag="588"><subfield code="a">Description based on: Vol. 3, no. 15 (Aug. 25, 1948).</subfield></datafield><datafield ind1=" " ind2="0" tag="651"><subfield code="a">Saratoga (Calif.)</subfield><subfield code="v">Newspapers.</subfield></datafield><datafield ind1=" " ind2="0" tag="651"><subfield code="a">Cupertino (Calif.)</subfield><subfield code="v">Newspapers.</subfield></datafield><datafield ind1=" " ind2="7" tag="655"><subfield code="a">Newspapers.</subfield><subfield code="2">fast</subfield><subfield code="0">(OCoLC)fst01423814</subfield></datafield><datafield ind1=" " ind2="7" tag="651"><subfield code="a">California</subfield><subfield code="z">Cupertino.</subfield><subfield code="2">fast</subfield><subfield code="0">(OCoLC)fst01215497</subfield></datafield><datafield ind1=" " ind2="7" tag="651"><subfield code="a">California</subfield><subfield code="z">Saratoga.</subfield><subfield code="2">fast</subfield><subfield code="0">(OCoLC)fst01215500</subfield></datafield><datafield ind1=" " ind2=" " tag="752"><subfield code="a">United States</subfield><subfield code="b">California</subfield><subfield code="c">Santa Clara</subfield><subfield code="d">Saratoga.</subfield></datafield><datafield ind1="0" ind2="7" tag="785"><subfield code="t">Gatos daily times</subfield><subfield code="w">(DLC)sn 93053214</subfield></datafield><datafield ind1="0" ind2="7" tag="785"><subfield code="t">Gatos daily times Saratoga observer</subfield><subfield code="w">(DLC)sn 93053215</subfield></datafield></record>